This file was created with JabRef 2.0.1.
Encoding: Cp1252

@article{HeZRS15,
  author    = {Kaiming He and
               Xiangyu Zhang and
               Shaoqing Ren and
               Jian Sun},
  title     = {Deep Residual Learning for Image Recognition},
  journal   = {CoRR},
  volume    = {abs/1512.03385},
  year      = {2015},
  url       = {http://arxiv.org/abs/1512.03385},
  archivePrefix = {arXiv},
  eprint    = {1512.03385},
  timestamp = {Wed, 17 Apr 2019 17:23:45 +0200},
  biburl    = {https://dblp.org/rec/bib/journals/corr/HeZRS15},
  bibsource = {dblp computer science bibliography, https://dblp.org}
}

@article{HeZR016,
  author    = {Kaiming He and
               Xiangyu Zhang and
               Shaoqing Ren and
               Jian Sun},
  title     = {Identity Mappings in Deep Residual Networks},
  journal   = {CoRR},
  volume    = {abs/1603.05027},
  year      = {2016},
  url       = {http://arxiv.org/abs/1603.05027},
  archivePrefix = {arXiv},
  eprint    = {1603.05027},
  timestamp = {Wed, 17 Apr 2019 17:23:45 +0200},
  biburl    = {https://dblp.org/rec/bib/journals/corr/HeZR016},
  bibsource = {dblp computer science bibliography, https://dblp.org}
}

@article{DLSEC,
  author    = {Archana Sharma, Vibhakar Mansotra},
  title     = {Student Emotion Recognition System (SERS) for e-learning Improvement Based on Learner Concentration Metric},
  journal   = {International Journal of Engineering and Advanced Technology (IJEAT)},
  volume    = {Volume-8 Issue-6},
  year      = {2019},
  url       = {https://www.ijeat.org/wp-content/uploads/papers/v8i6/F9170088619.pdf}
}


@article{Bledsoe,
  author    = {Woodrow Bledsoe},
  title     = {Semiautomatic Facial Recognition},
  journal   = {Technical Report SRI Project},
  volume    = {6693},
  year      = {1968},
  publisher={Stanford Research Institute, Menlo Park, California}
}

@misc{Ker,
  title = "KERAS",
  note  = "https://keras.io/"
}

@misc{Tf,
    title = "Tensorflow",
    note = "https://www.tensorflow.org/"
}

@misc{VGG,
  added-at = {2019-06-04T16:17:38.000+0200},
  author = {Simonyan, Karen and Zisserman, Andrew},
  biburl = {https://www.bibsonomy.org/bibtex/26e8981276d369bf0a67f73f8024e2484/alrigazzi},
  description = {Very Deep Convolutional Networks for Large-Scale Image Recognition},
  interhash = {4e6fa56cb7cf99400d5701543ee228de},
  intrahash = {6e8981276d369bf0a67f73f8024e2484},
  keywords = {deep dl large-scale networks neural},
  note = {cite arxiv:1409.1556},
  timestamp = {2019-06-04T16:17:38.000+0200},
  title = {Very Deep Convolutional Networks for Large-Scale Image Recognition},
  url = {http://arxiv.org/abs/1409.1556},
  year = 2014
}

@article{SchroffKP15,
  author    = {Florian Schroff and
               Dmitry Kalenichenko and
               James Philbin},
  title     = {FaceNet: {A} Unified Embedding for Face Recognition and Clustering},
  journal   = {CoRR},
  volume    = {abs/1503.03832},
  year      = {2015},
  url       = {http://arxiv.org/abs/1503.03832},
  archivePrefix = {arXiv},
  eprint    = {1503.03832},
  timestamp = {Mon, 13 Aug 2018 16:46:42 +0200},
  biburl    = {https://dblp.org/rec/bib/journals/corr/SchroffKP15},
  bibsource = {dblp computer science bibliography, https://dblp.org}
}

@article{ZhangZL016,
  author    = {Kaipeng Zhang and
               Zhanpeng Zhang and
               Zhifeng Li and
               Yu Qiao},
  title     = {Joint Face Detection and Alignment using Multi-task Cascaded Convolutional
               Networks},
  journal   = {CoRR},
  volume    = {abs/1604.02878},
  year      = {2016},
  url       = {http://arxiv.org/abs/1604.02878},
  archivePrefix = {arXiv},
  eprint    = {1604.02878},
  timestamp = {Mon, 13 Aug 2018 16:46:42 +0200},
  biburl    = {https://dblp.org/rec/bib/journals/corr/ZhangZL016},
  bibsource = {dblp computer science bibliography, https://dblp.org}
}
